@article{Chang2006analysis,
   author = {Chang, L. Y. and Wang, H. W.},
   title = {Analysis of traffic injury severity: An application of non-parametric classification tree techniques},
   journal = {Accident Analysis and Prevention},
   volume = {38},
   number = {5},
   pages = {1019-1027},
   ISSN = {0001-4575},
   DOI = {10.1016/j.aap.2006.04.009},
   url = {<Go to ISI>://WOS:000239528200024},
   year = {2006},
   type = {Journal Article}
}

@article{Chiou2013modeling,
   author = {Chiou, Y. C. and Hwang, C. C. and Chang, C. C. and Fu, C.},
   title = {Modeling two-vehicle crash severity by a bivariate generalized ordered probit approach},
   journal = {Accident Analysis and Prevention},
   volume = {51},
   pages = {175-184},
   ISSN = {0001-4575},
   DOI = {10.1016/j.aap.2012.11.008},
   url = {<Go to ISI>://WOS:000315617000023},
   year = {2013},
   type = {Journal Article}
}

@article{Devlin2019road,
   author = {Devlin, A. and Beck, B. and Simpson, P. M. and Ekegren, C. L. and Giummarra, M. J. and Edwards, E. R. and Cameron, P. A. and Liew, S. and Oppy, A. and Richardson, M. and Page, R. and Gabbe, B. J.},
   title = {The road to recovery for vulnerable road users hospitalised for orthopaedic injury following an on-road crash},
   journal = {Accident Analysis and Prevention},
   volume = {132},
   pages = {10},
   ISSN = {0001-4575},
   DOI = {10.1016/j.aap.2019.105279},
   url = {<Go to ISI>://WOS:000489192000033},
   year = {2019},
   type = {Journal Article}
}

@article{Hanson2013severity,
   author = {Hanson, C. S. and Noland, R. B. and Brown, C.},
   title = {The severity of pedestrian crashes: an analysis using Google Street View imagery},
   journal = {Journal of Transport Geography},
   volume = {33},
   pages = {42-53},
   ISSN = {0966-6923},
   DOI = {10.1016/j.jtrangeo.2013.09.002},
   url = {<Go to ISI>://WOS:000330817000004},
   year = {2013},
   type = {Journal Article}
}

@article{Iranitalab2017comparison,
   author = {Iranitalab, A. and Khattak, A.},
   title = {Comparison of four statistical and machine learning methods for crash severity prediction},
   journal = {Accident Analysis and Prevention},
   volume = {108},
   pages = {27-36},
   ISSN = {0001-4575},
   DOI = {10.1016/j.aap.2017.08.008},
   url = {<Go to ISI>://WOS:000413385800004},
   year = {2017},
   type = {Journal Article}
}

@article{Kadilar2016effect,
   author = {Kadilar, G. O.},
   title = {Effect of driver, roadway, collision, and vehicle characteristics on crash severity: a conditional logistic regression approach},
   journal = {International Journal of Injury Control and Safety Promotion},
   volume = {23},
   number = {2},
   pages = {135-144},
   ISSN = {1745-7300},
   DOI = {10.1080/17457300.2014.942323},
   url = {<Go to ISI>://WOS:000373823900004},
   year = {2016},
   type = {Journal Article}
}

@article{Khan2015exploring,
   author = {Khan, G. and Bill, A. R. and Noyce, D. A.},
   title = {Exploring the feasibility of classification trees versus ordinal discrete choice models for analyzing crash severity},
   journal = {Transportation Research Part C-Emerging Technologies},
   volume = {50},
   pages = {86-96},
   ISSN = {0968-090X},
   DOI = {10.1016/j.trc.2014.10.003},
   url = {<Go to ISI>://WOS:000348266000009},
   year = {2015},
   type = {Journal Article}
}

@article{Lee2014analysis,
   author = {Lee, C. and Li, X. C.},
   title = {Analysis of injury severity of drivers involved in single- and two-vehicle crashes on highways in Ontario},
   journal = {Accident Analysis and Prevention},
   volume = {71},
   pages = {286-295},
   ISSN = {0001-4575},
   DOI = {10.1016/j.aap.2014.06.008},
   url = {<Go to ISI>://WOS:000340304000032},
   year = {2014},
   type = {Journal Article}
}



@article{Lenguerrand2006modelling,
   author = {Lenguerrand, E. and Martin, J. L. and Laumon, B.},
   title = {Modelling the hierarchical structure of road crash data - Application to severity analysis},
   journal = {Accident Analysis and Prevention},
   volume = {38},
   number = {1},
   pages = {43-53},
   ISSN = {0001-4575},
   DOI = {10.1016/j.aap.2005.06.021},
   url = {<Go to ISI>://WOS:000233493600006},
   year = {2006},
   type = {Journal Article}
}

@article{Li2017interplay,
   author = {Li, L. and Hasnine, M. S. and Habib, K. M. N. and Persaud, B. and Shalaby, A.},
   title = {Investigating the interplay between the attributes of at-fault and not-at-fault drivers and the associated impacts on crash injury occurrence and severity level},
   journal = {Journal of Transportation Safety & Security},
   volume = {9},
   number = {4},
   pages = {439-456},
   ISSN = {1943-9962},
   DOI = {10.1080/19439962.2016.1237602},
   url = {<Go to ISI>://WOS:000409043000004},
   year = {2017},
   type = {Journal Article}
}

@article{Ma2008multivariate,
   author = {Ma, J. M. and Kockelman, K. M. and Damien, P.},
   title = {A multivariate Poisson-lognormal regression model for prediction of crash counts by severity, using Bayesian methods},
   journal = {Accident Analysis and Prevention},
   volume = {40},
   number = {3},
   pages = {964-975},
   ISSN = {0001-4575},
   DOI = {10.1016/j.aap.2007.11.002},
   url = {<Go to ISI>://WOS:000256782000015},
   year = {2008},
   type = {Journal Article}
}



@article{McArthur2014spatial,
   author = {McArthur, A. and Savolainen, P. T. and Gates, T. J.},
   title = {Spatial Analysis of Child Pedestrian and Bicycle Crashes Development of Safety Performance Function for Areas Adjacent to Schools},
   journal = {Transportation Research Record},
   number = {2465},
   pages = {57-63},
   ISSN = {0361-1981},
   DOI = {10.3141/2465-08},
   url = {<Go to ISI>://WOS:000348891000009},
   year = {2014},
   type = {Journal Article}
}

@book{Maddala1986limited,
  title={Limited-dependent and qualitative variables in econometrics},
  author={Maddala, Gangadharrao S},
  number={3},
  year={1986},
  publisher={Cambridge university press}
}

@article{Merlin2007stress,
   author = {Merlin, E. P. R. and Gonzalez-Forteza, C. and Lira, L. R. and Tapia, J. A. J.},
   title = {Post-traumatic stress disorder in patients with non intentional injuries caused by road traffic accidents},
   journal = {Salud Mental},
   volume = {30},
   number = {6},
   pages = {43-48},
   ISSN = {0185-3325},
   url = {<Go to ISI>://WOS:000252638600006},
   year = {2007},
   type = {Journal Article}
}



@article{Montella2013crash,
   author = {Montella, A. and Andreassen, D. and Tarko, A. P. and Turner, S. and Mauriello, F. and Imbriani, L. L. and Romero, M. A.},
   title = {Crash Databases in Australasia, the European Union, and the United States Review and Prospects for Improvement},
   journal = {Transportation Research Record},
   number = {2386},
   pages = {128-136},
   ISSN = {0361-1981},
   DOI = {10.3141/2386-15},
   url = {<Go to ISI>://WOS:000332594000015},
   year = {2013},
   type = {Journal Article}
}

@article{Mooradian2013analysis,
   author = {Mooradian, J. and Ivan, J. N. and Ravishanker, N. and Hu, S.},
   title = {Analysis of driver and passenger crash injury severity using partial proportional odds models},
   journal = {Accident Analysis and Prevention},
   volume = {58},
   pages = {53-58},
   ISSN = {0001-4575},
   DOI = {10.1016/j.aap.2013.04.022},
   url = {<Go to ISI>://WOS:000324657000007},
   year = {2013},
   type = {Journal Article}
}

@article{Obeng2011gender,
   author = {Obeng, K.},
   title = {Gender differences in injury severity risks in crashes at signalized intersections},
   journal = {Accident Analysis and Prevention},
   volume = {43},
   number = {4},
   pages = {1521-1531},
   ISSN = {0001-4575},
   DOI = {10.1016/j.aap.2011.03.004},
   url = {<Go to ISI>://WOS:000291296200031},
   year = {2011},
   type = {Journal Article}
}



@article{Peek-Asa2010teenage,
   author = {Peek-Asa, C. and Britton, C. and Young, T. and Pawlovich, M. and Falb, S.},
   title = {Teenage driver crash incidence and factors influencing crash injury by rurality},
   journal = {Journal of Safety Research},
   volume = {41},
   number = {6},
   pages = {487-492},
   ISSN = {0022-4375},
   DOI = {10.1016/j.jsr.2010.10.002},
   url = {<Go to ISI>://WOS:000285895700005},
   year = {2010},
   type = {Journal Article}
}



@article{Pelissier2019medical,
   author = {Pelissier, C. and Fort, E. and Fontana, L. and Hours, M.},
   title = {Medical and socio-occupational predictive factors of psychological distress 5 years after a road accident: a prospective study},
   journal = {Social Psychiatry and Psychiatric Epidemiology},
   pages = {13},
   ISSN = {0933-7954},
   DOI = {10.1007/s00127-019-01780-0},
   url = {<Go to ISI>://WOS:000491406300001},
   type = {Journal Article}
}

@article{Quddus2010road,
   author = {Quddus, M. A. and Wang, C. and Ison, S. G.},
   title = {Road Traffic Congestion and Crash Severity: Econometric Analysis Using Ordered Response Models},
   journal = {Journal of Transportation Engineering-Asce},
   volume = {136},
   number = {5},
   pages = {424-435},
   ISSN = {0733-947X},
   DOI = {10.1061/(asce)te.1943-5436.0000044},
   url = {<Go to ISI>://WOS:000276690700003},
   year = {2010},
   type = {Journal Article}
}



@article{Rakotonirainy2012older,
   author = {Rakotonirainy, A. and Steinhardt, D. and Delhomme, P. and Darvell, M. and Schramm, A.},
   title = {Older drivers' crashes in Queensland, Australia},
   journal = {Accident Analysis and Prevention},
   volume = {48},
   pages = {423-429},
   ISSN = {0001-4575},
   DOI = {10.1016/j.aap.2012.02.016},
   url = {<Go to ISI>://WOS:000307140500048},
   year = {2012},
   type = {Journal Article}
}

@article{Regev2018crash,
   author = {Regev, S. and Rolison, J. J. and Moutari, S.},
   title = {Crash risk by driver age, gender, and time of day using a new exposure methodology},
   journal = {Journal of Safety Research},
   volume = {66},
   pages = {131-140},
   ISSN = {0022-4375},
   DOI = {10.1016/j.jsr.2018.07.002},
   url = {<Go to ISI>://WOS:000444359100014},
   year = {2018},
   type = {Journal Article}
}



@article{Savolainen2011statistical,
   author = {Savolainen, P. T. and Mannering, F. and Lord, D. and Quddus, M. A.},
   title = {The statistical analysis of highway crash-injury severities: A review and assessment of methodological alternatives},
   journal = {Accident Analysis and Prevention},
   volume = {43},
   number = {5},
   pages = {1666-1676},
   ISSN = {0001-4575},
   DOI = {10.1016/j.aap.2011.03.025},
   url = {<Go to ISI>://WOS:000292670500009},
   year = {2011},
   type = {Journal Article}
}

@article{Symons2019reduced,
   author = {Symons, J. and Howard, E. and Sweeny, K. and Kumnick, M. and Sheehan, P.},
   title = {Reduced Road Traffic Injuries for Young People: A Preliminary Investment Analysis},
   journal = {Journal of Adolescent Health},
   volume = {65},
   number = {1},
   pages = {S34-S43},
   ISSN = {1054-139X},
   DOI = {10.1016/j.jadohealth.2019.01.009},
   url = {<Go to ISI>://WOS:000472015900006},
   year = {2019},
   type = {Journal Article}
}

@article{Thompson2018trends,
   author = {Thompson, J. P. and Baldock, M. R. J. and Dutschke, J. K.},
   title = {Trends in the crash involvement of older drivers in Australia},
   journal = {Accident Analysis and Prevention},
   volume = {117},
   pages = {262-269},
   ISSN = {0001-4575},
   DOI = {10.1016/j.aap.2018.04.027},
   url = {<Go to ISI>://WOS:000436888400028},
   year = {2018},
   type = {Journal Article}
}



@book{Train2009discrete,
   author = {Train, K.},
   title = {Discrete Choice Methods with Simulation},
   publisher = {Cambridge University Press},
   address = {Cambridge},
   edition = {2nd Edition},
   year = {2009},
   type = {Book}
}

@book{WHO2019global,
   author = {{World Health Organization}},
   title = {Global status report on road safety 2018 (2018)},
   address = {Geneva},
   url = {https://www.who.int/violence_injury_prevention/road_safety_status/2018/en/},
   year = {2019},
   type = {Book}
}

@article{Wijnen2019analysis,
   author = {Wijnen, W. and Weijermars, W. and Schoeters, A. and van den Berghe, W. and Bauer, R. and Carnis, L. and Elvik, R. and Martensen, H.},
   title = {An analysis of official road crash cost estimates in European countries},
   journal = {Safety Science},
   volume = {113},
   pages = {318-327},
   ISSN = {0925-7535},
   DOI = {10.1016/j.ssci.2018.12.004},
   url = {<Go to ISI>://WOS:000457506300031},
   year = {2019},
   type = {Journal Article}
}


